@article{lindahl2014accelerated,
  title={Accelerated weight histogram method for exploring free energy landscapes},
  author={Lindahl, Viveca and Lidmar, Jack and Hess, Berk},
  journal={The Journal of chemical physics},
  volume={141},
  number={4},
  pages={044110},
  year={2014},
  publisher={AIP}
}
@article{lindahl2017sequence,
  title={Sequence dependency of canonical base pair opening in the DNA double helix},
  author={Lindahl, Viveca and Villa, Alessandra and Hess, Berk},
  journal={PLoS computational biology},
  volume={13},
  number={4},
  pages={e1005463},
  year={2017},
  publisher={Public Library of Science}
}
@article{lindahl2018permeability,
  title={Permeability and ammonia selectivity in aquaporin TIP2; 1: linking structure to function},
  author={Lindahl, Viveca and Gourdon, Pontus and Andersson, Magnus and Hess, Berk},
  journal={Scientific reports},
  volume={8},
  number={1},
  pages={2995},
  year={2018},
  publisher={Nature Publishing Group}
}