@article{lindahl2014accelerated,
  title={Accelerated weight histogram method for exploring free energy landscapes},
  author={Lindahl, Viveca and Lidmar, Jack and Hess, Berk},
  journal={The Journal of chemical physics},
  volume={141},
  number={4},
  pages={044110},
  year={2014},
  publisher={AIP}
}
@article{lindahl2017sequence,
  title={Sequence dependency of canonical base pair opening in the DNA double helix},
  author={Lindahl, Viveca and Villa, Alessandra and Hess, Berk},
  journal={PLoS computational biology},
  volume={13},
  number={4},
  pages={e1005463},
  year={2017},
  publisher={Public Library of Science}
}
@article{lindahl2018permeability,
  title={Permeability and ammonia selectivity in aquaporin TIP2; 1: linking structure to function},
  author={Lindahl, Viveca and Gourdon, Pontus and Andersson, Magnus and Hess, Berk},
  journal={Scientific reports},
  volume={8},
  number={1},
  pages={2995},
  year={2018},
  publisher={Nature Publishing Group}
}

% DNA specific

@article{knips2017both,
  title={Both DNA global deformation and repair enzyme contacts mediate flipping of thymine dimer damage},
  author={Knips, Alexander and Zacharias, Martin},
  journal={Scientific Reports},
  volume={7},
  pages={41324},
  year={2017},
  publisher={Nature Publishing Group}
}
@article{chakraborty2017energy,
  title={Energy Landscape and Pathways for Transitions Between Watson-Crick and Hoogsteen Base Pairing in DNA},
  author={Chakraborty, Debayan and Wales, David J},
  journal={The journal of physical chemistry letters},
  year={2017},
  publisher={ACS Publications}
} 

@article{zhang2018accurate,
  title={Accurate Estimation of the Standard Binding Free Energy of Netropsin with DNA},
  author={Zhang, Hong and Gattuso, Hugo and Dumont, Elise and Cai, Wensheng and Monari, Antonio and Chipot, Christophe and Dehez, Fran{\c{c}}ois},
  journal={Molecules},
  volume={23},
  number={2},
  pages={228},
  year={2018},
  publisher={Multidisciplinary Digital Publishing Institute}
}
@article{klimavicz2018energy,
  title={The energy landscapes of mini-dumbbell DNA octanucleotides},
  author={Klimavicz, James S and R{\"o}der, Konstantin and Wales, David J},
  journal={Journal of chemical theory and computation},
  year={2018},
  publisher={ACS Publications}
}
@article{nikolova2011transient,
  title={Transient Hoogsteen base pairs in canonical duplex DNA},
  author={Nikolova, Evgenia N and Kim, Eunae and Wise, Abigail A and brien, Patrick J and Andricioaei, Ioan and Al-Hashimi, Hashim M},
  journal={Nature},
  volume={470},
  number={7335},
  pages={498},
  year={2011},
  publisher={Nature Publishing Group}
}
@article{xu2018modulation,
  title={Modulation of Hoogsteen dynamics on DNA recognition},
  author={Xu, Yu and McSally, James and Andricioaei, Ioan and Al-Hashimi, Hashim M},
  journal={Nature communications},
  volume={9},
  number={1},
  pages={1473},
  year={2018},
  publisher={Nature Publishing Group}
}